@article{Whitted1979,
	author = {Whitted, Turner},
	title = {An improved illumination model for shaded display},
	journal = {SIGGRAPH Comput. Graph.},
	volume = {13},
	issue = {2},
	month = {August},
	year = {1979},
	issn = {0097-8930},
	pages = {14--},
	url = {http://doi.acm.org/10.1145/965103.807419},
	doi = {http://doi.acm.org/10.1145/965103.807419},
	acmid = {807419},
	publisher = {ACM},
	address = {New York, NY, USA},
	keywords = {Computer animation, Computer graphics, Raster displays, Shading, Visible surface algorithms},
}

@article{moller1997,
 author = {M\"{o}ller, Tomas and Trumbore, Ben},
 title = {Fast, minimum storage ray-triangle intersection},
 journal = {J. Graph. Tools},
 volume = {2},
 issue = {1},
 month = {October},
 year = {1997},
 issn = {1086-7651},
 pages = {21--28},
 numpages = {8},
 url = {http://dl.acm.org/citation.cfm?id=272313.272315},
 acmid = {272315},
 publisher = {A. K. Peters, Ltd.},
 address = {Natick, MA, USA},
} 

@article{popov07GPURT,
  author       = "Stefan Popov and Johannes G{\"u}nther and Hans-Peter
                 Seidel and Philipp Slusallek",
  title        = "Stackless KD-Tree Traversal for High Performance {GPU}
                 Ray Tracing",
  editor       = "Daniel Cohen-Or and Pavel Slav{\'\i}k",
  journal      = "Computer Graphics Forum",
  year         = 2007,
  volume       = 26,
  number       = 3,
  month        = sep,
  pages        = "415--424",
  note         = "(Proceedings of Eurographics)",
  location     = "Prague, Czech Republic",
  publisher    = "The Eurographics Association and Blackwell Publishing
                 Ltd"
}

@article{Ashikhmin2000,
	author = {Ashikhmin, Michael and Shirley, Peter},
	title = {An anisotropic phong BRDF model},
	journal = {J. Graph. Tools},
	volume = {5},
	issue = {2},
	month = {February},
	year = {2000},
	issn = {1086-7651},
	pages = {25--32},
	numpages = {8},
	url = {http://dl.acm.org/citation.cfm?id=358636.358644},
	acmid = {358644},
	publisher = {A. K. Peters, Ltd.},
	address = {Natick, MA, USA},
}

@InProceedings{CAVE_0136, 
	author = {M. Oren and S.K. Nayar},
	title = {{G}eneralization of {L}ambert's {R}eflectance {M}odel},
	booktitle = {ACM 21st Annual Conference on Computer Graphics and Interactive Techniques (SIGGRAPH)},
	pages = {239--246},
	month = {Jul},
	year = {1994}
}

@article{Schlick_1994, 
	title={An inexpensive BRDF model for physically-based rendering}, volume={13}, 
	url={http://www.cs.virginia.edu/~mjh7v/bib/Schlick94b.pdf}, 
	number={3}, 
	journal={Computer Graphics Forum},
	publisher={Basil Blackwell Ltd}, 
	author={Schlick, Christophe}, 
	year={1994}, 
	pages={233--246}
}

@TECHREPORT{Walter05,
  author = {Walter, Bruce},
  title = {Notes on the ward BRDF},
  institution = {Cornell Program of Computer Graphics},
  year = {2005},
  number = {PCG-05-06},
  month = {4},
  file = {:Wal05.pdf:PDF},
  url = {http://citeseerx.ist.psu.edu/viewdoc/summary?doi=10.1.1.69.6812}
}

@misc{Borman03raytracingand,
	author = {Sean Borman},
	title = {Raytracing and the camera matrix â€“ a connection.},
	year = {2003}
}

@misc{Wald01stateof,
	author = {Ingo Wald and Philipp Slusallek},
	title = {State of the Art in Interactive Ray Tracing},
	year = {2001}
}

@misc{Woo92raytracing,
	author = {Andrew Woo},
	title = {Ray Tracing Polygons using Spatial Subdivision},
	year = {1992}
}

@misc{Dutre01globalillumination,
	author = {Philip Dutre and Paul Heckbert and Vincent Ma and Fabio Pellacini and Robert Porschka and Mahesh Ramasubramanian and Cyril Soler and Greg Ward},
	title = {Global Illumination Compendium},
	year = {2001}
}

@INPROCEEDINGS{Kajiya86therendering,
    author = {James T. Kajiya},
    title = {The rendering equation},
    booktitle = {Computer Graphics},
    year = {1986},
    pages = {143--150}
}



@book{Pharr:2004:PBR:975275,
	author = {Pharr, Matt and Humphreys, Greg},
	title = {Physically Based Rendering: From Theory to Implementation},
	year = {2004},
	isbn = {012553180X},
	publisher = {Morgan Kaufmann Publishers Inc.},
	address = {San Francisco, CA, USA},
}

@book{Suffern:2007:RTG:1324795,
	author = {Suffern, Kevin},
	title = {Ray Tracing from the Ground Up},
	year = {2007},
	isbn = {1568812728},
	publisher = {A. K. Peters, Ltd.},
	address = {Natick, MA, USA},
}